@article{ziv1978compression,
  title={Compression of individual sequences via variable-rate coding},
  author={Ziv, Jacob and Lempel, Abraham},
  journal={IEEE transactions on Information Theory},
  volume={24},
  number={5},
  pages={530--536},
  year={1978},
  publisher={IEEE}
}

@article{welch1984technique,
  title={A technique for high-performance data compression},
  author={Welch, Terry A.},
  journal={Computer},
  number={6},
  pages={8--19},
  year={1984},
  publisher={IEEE}
}

@article{huffman1952method,
  title={A method for the construction of minimum-redundancy codes},
  author={Huffman, David A},
  journal={Proceedings of the IRE},
  volume={40},
  number={9},
  pages={1098--1101},
  year={1952},
  publisher={IEEE}
}

@article{ziv1977universal,
  title={A universal algorithm for sequential data compression},
  author={Ziv, Jacob and Lempel, Abraham},
  journal={IEEE Transactions on information theory},
  volume={23},
  number={3},
  pages={337--343},
  year={1977},
  publisher={IEEE}
}

@article{deutsch1996deflate,
  title={DEFLATE compressed data format specification version 1.3},
  author={Deutsch, Peter},
  year={1996},
  publisher={RFC Editor}
}